@article{hello,
author={Lastname, Firstname},
year={2022},
title={Flow field sensing by the eyebrow hairs of California sea lions},
journal={Journal of Awesomeness},
volume={208},
pages={119--133}}
